@article{SSCG202312007,
author = {谭学忠},
title = {基于LaTeX的高等数学题库建设与试卷生成},
journal = {韶关学院学报},
volume = {44},
number = {12},
pages = {36-40},
year = {2023},
issn = {1007-5348},
}    
@article{HLKX202323022,
author = {  刘培 and     张嘉璇 and     陈永强 and 于翔},
title = {具有LaTeX排版和数学可视化功能的网站建设},
journal = {科学技术创新},
number = {23},
pages = {92-95},
year = {2023},
issn = {2096-4390},
}    
@article{JYRJ202212005,
author = {  孙祥辉 and     杨雨 and 孙道强},
title = {基于LaTeX的高校毕业论文在线自动编排系统的设计与实现},
journal = {计算机应用与软件},
volume = {39},
number = {12},
pages = {39-46},
year = {2022},
issn = {1000-386X},
}    
@book{9787115534408000,
author = {吴康隆},
  title = {简单高效LaTeX},
publisher = {人民邮电出版社},
year = {2020}
}    
@article{SJPDAC8FDAF91C03ADB36A20138EEB8A381F,
author = {Matthews David},
title = {Craft beautiful equations in Word with LaTeX.},
journal = {Nature},
volume = {570},
number = {7760},
pages = {263-264},
year = {2019},
issn = {0028-0836},
}    
@article{JYKQ201801007,
author = {黄岚},
title = {可视化LaTeX编辑软件LyX在科技期刊论文排版中的应用},
journal = {中国科技期刊研究},
volume = {29},
number = {01},
pages = {37-42},
year = {2018},
issn = {1001-7143},
}    
@article{sb,
author = {  FIRST AUTHOR and SECOND AUTHOR},
title = {INSTRUCTIONS FOR TYPESETTING CAMERA-READY MANUSCRIPTS USING TEX OR LATEX},
journal = {International journal of computational geometry; applications},
volume = {22},
number = {5},
pages = {1-5},
year = {2012},
issn = {0218-1959},
}    
@article{XJAZ243D228EAB76061B96C07507F171A5C8,
author = {  Sofroniou Nick and Hutcheson Graeme D.},
title = {Technical typesetting using LaTeX},
journal = {Behavior Research Methods, Instruments, &amp; Computers},
volume = {26},
number = {3},
pages = {369-371},
year = {1994},
issn = {0743-3808},
}    
@article{RJDK201307046,
author = {  吴佳妮 and     黄梦莎 and     李颉 and 朱俭},
title = {LaTeX在经济学论文中的应用研究},
journal = {软件导刊},
volume = {12},
number = {07},
pages = {122-124},
year = {2013},
issn = {1672-7800},
}    
@article{BJXB201303037,
author = {闫新云},
title = {科技期刊常用排版软件的选择},
journal = {编辑学报},
volume = {25},
number = {03},
pages = {290-292},
year = {2013},
issn = {1001-4314},
doi = {10.16811/j.cnki.1001-4314.2013.03.035}
}    
@mastersthesis{1013238574.nh,
author = {张钌},
 title = {在线科技论文编辑和自动排版平台研究},
school = {兰州大学},
year = {2013}
}    
@article{ACZJ201302092,
author = {白凤军},
title = {使用perl语言生成高质量结构工程计算书的方法},
journal = {四川建筑科学研究},
volume = {39},
number = {02},
pages = {390-393},
year = {2013},
issn = {1008-1933},
}    
@article{JYKQ201206034,
author = {  王勇 and     姚萍 and     王岚 and 庞立},
title = {LaTeX与方正书版排版数学论文探讨},
journal = {中国科技期刊研究},
volume = {23},
number = {06},
pages = {1036-1039},
year = {2012},
issn = {1001-7143},
}    
@article{ZXDB201229112,
author = {俞依玲},
title = {LaTeX在大学理工科课程教学中的应用},
journal = {科技创新导报},
volume = {},
number = {29},
pages = {162},
year = {2012},
issn = {1674-098X},
doi = {10.16660/j.cnki.1674-098x.2012.29.160}
}    
@article{JYKQ201205036,
author = {  温亚媛 and     赵景芝 and     李向华 and 谢冰蓉},
title = {LaTeX排版系统在英文学术期刊中的应用},
journal = {中国科技期刊研究},
volume = {23},
number = {05},
pages = {825-830},
year = {2012},
issn = {1001-7143},
}    
@conference{UGGA201208001025,
author = {  陈肖玉 and 虞子冶},
 title = {基于XML的科技期刊排版技术探究},
booktitle = {2012年第四届科技期刊发展创新研讨会论文集},
year = {2012},
pages = {62-63},
publisher = {中国海洋湖沼学报(英);}
}    
@article{JYRJ201205063,
author = {  王福贵 and     郝新生 and 王建伟},
title = {基于ASP.NET的在线LATEX编译环境的构建},
journal = {计算机应用与软件},
volume = {29},
number = {05},
pages = {228-230+266},
year = {2012},
issn = {1000-386X},
}    
@mastersthesis{1012028643.nh,
author = {郭会芳},
 title = {基于MathML的数学公式格式转换研究},
school = {河北大学},
year = {2012}
}    
@article{GZDN201104031,
author = {金波},
title = {基于LaTeX的试卷模板设计及应用},
journal = {电脑与电信},
volume = {6},
number = {04},
pages = {56-58},
year = {2011},
issn = {1008-6609},
doi = {10.15966/j.cnki.dnydx.2011.04.020}
}    
@article{RJDJ201101036,
author = {纪宏伟},
title = {数学论文的LaTeX排版与全文上网},
journal = {软件导刊(教育技术)},
volume = {10},
number = {01},
pages = {87-88},
year = {2011},
issn = {1672-7800},
doi = {10.16735/j.cnki.jet.2011.01.015}
}    
@article{KJYU201010018,
author = {杨晓娟},
title = {选好排版软件,既省心也省事——图书编辑的排版心得},
journal = {科技与出版},
volume = {8},
number = {10},
pages = {29-32},
year = {2010},
issn = {1005-0590},
doi = {10.16510/j.cnki.kjycb.2010.10.020}
}    
@article{KJCB201009091,
author = {  杨德彬 and 张永芹},
title = {新型LaTeX科技排版系统在数学试卷中的模板应用},
journal = {科技传播},
volume = {3},
number = {09},
pages = {112-117},
year = {2010},
issn = {1674-6708},
}    
@article{KJXX201011361,
author = {  蔡万景 and     赵海涛 and 郭宽},
title = {LaTex创作的Web模板系统的研究与实现},
journal = {科技信息},
volume = {7},
number = {11},
pages = {467-468},
year = {2010},
issn = {1001-9960},
}    
@article{SXNY201001017,
author = {  王福贵 and     杨苗 and     李耀维 and 王建伟},
title = {LATEX中选择题模板设计及其应用},
journal = {山西农业大学学报(自然科学版)},
volume = {30},
number = {01},
pages = {52-55},
year = {2010},
issn = {1671-8151},
doi = {10.13842/j.cnki.issn1671-8151.2010.01.022}
}    
@article{RJDK200911038,
author = {陈德伟},
title = {用LaTeX撰写学位论文},
journal = {软件导刊},
volume = {8},
number = {11},
pages = {100-102},
year = {2009},
issn = {1672-7800},
}    
